@Article{Alencar2007,
  author       = {Alencar, Luciana Hazin and de Almeida, Adiel Teixeira and Mota, Caroline Maria{ }de Miranda},
  title        = {Sistemática proposta para seleção de fornecedores em gestão de projetos},
  journal      = {Gestão {\&} Produção},
  publisher    = {Universidade Federal de São Carlos (UFSCar)},
  volume       = {14},
  number       = {3},
  pages        = {477--487},
  year         = {2007},
  month        = dec,
  doi          = {10.1590/s0104-530x2007000300005},
  issn         = {0104-530X},
}

@book{lee2019inteligencia,
  title={Intelig{\^e}ncia artificial},
  author={Lee, Kai-Fu},
  year={2019},
  publisher={Globo livros}
}

@Book{Kalakota2002,
  author       = {Kalakota, Ravi and Robinson, Marcia},
  title        = {E-Business},
  subtitle     = {Estratégias para Alcançar o Sucesso no Mundo Digital},
  publisher    = {Bookman},
  address      = {Porto Alegre, RS},
  edition      = {2},
  pagetotal    = {470},
  year         = {2002},
  isbn         = {9788573078756},
}

@InBook{Carvalho2004,
  author       = {de Carvalho, Valter Rodrigues},
  title        = {Qualidade de Vida no Trabalho},
  bookauthor   = {Oliveira, O. J.},
  booktitle    = {Gestão da Qualidade},
  booksubtitle = {Tópicos Avançados},
  publisher    = {Cengage Learning},
  address      = {São Paulo, SP},
  chapter      = {11},
  pages        = {159--168},
  year         = {2004},
  isbn         = {9788522113897},
}

@InProceedings{Ramos2003,
  author       = {Ramos, Anatália Saraiva Martins and Miranda, Ana Lúcia Brenner},
  title        = {Processo de adoção de um sistema integrado de gestão (ERP)},
  subtitle     = {uma pesquisa qualitativa com gestores da Unimed/Natal},
  booktitle    = {Anais [\ldots].},
  eventtitle   = {Encontro Nacional de Engenharia de Produção (ENEGEP)},
  eventdate    = {2003-10},
  organization = {Universidade Federal de Ouro Preto (UFOP)},
  publisher    = {Associação Brasileira de Engenharia de Produção (ABEPRO)},
  address      = {Rio de Janeiro, RJ},
  venue        = {Ouro Preto, MG},
  number       = {23},
  pages        = {1--8},
  year         = {2003},
  url          = {http://www.abepro.org.br/biblioteca/ENEGEP2003_TR0903_1652.pdf},
  urldate      = {2023-12-05},
  note         = {Paper ID: ENEGEP2003-TR0903-1652},
}

@MastersThesis{Purcidonio2008,
  author       = {Purcidonio, Paula Michelle},
  title        = {Práticas de gestão do conhecimento em arranjo produtivo local},
  subtitle     = {o setor moveleiro de Arapongas {\textemdash} PR},
  eventdate    = {2008-02},
  school       = {Universidade Tecnológica Federal do Paraná},
  address      = {Ponta Grossa, PR},
  pagetotal    = {153},
  year         = {2008},
  url          = {http://repositorio.utfpr.edu.br/jspui/handle/1/3661},
  urldate      = {2023-12-05},
  type         = {Dissertação (Mestrado em Engenharia de Produção)},
}

@Misc{Beltrano2021,
  author       = {Beltrano, P.},
  title        = {Título do trabalho do Beltrano},
  editor       = {Sicrano, P.},
  year         = {2021},
}

@Misc{Fulano2021,
  author       = {Fulano, P.},
  title        = {Título do trabalho do Fulano},
  editor       = {Beltrano, P.},
  year         = {2021},
}

@Misc{UTFPR2018,
  author       = {UTFPR},
  title        = {Fachada campus Ponta Grossa},
  howpublished = {Portal da Universidade Tecnológica Federal do Paraná (UTFPR)},
  address      = {Ponta Grossa, PR},
  year         = {2018},
  url          = {http://portal.utfpr.edu.br/comunicacao/galeria-de-fotos/},
  urldate      = {2023-12-05},
  note         = {Galeria de fotos},
}

@Book{knuth:84,
  author = 	 {Donald E. Knuth},
  title = 	 {The {\TeX} Book},
  publisher = 	 {Addison-Wesley},
  year = 	 {1984},
  edition = 	 {15th},
}

@InCollection{boulic:91,
  author = 	 {R. Boulic and O. Renault},
  title = 	 {3D Hierarchies for Animation},
  booktitle = 	 {New Trends in Animation and Visualization},
  publisher =    {John Wiley {\&} Sons ltd.},
  year = 	 {1991},
  editor = 	 {Nadia Magnenat-Thalmann and Daniel Thalmann},
}

@InCollection{smith:99,
  author = 	 {A. Smith and B. Jones},
  title = 	 {On the Complexity of Computing},
  booktitle = 	 {Advances in Computer Science},
  pages = 	 {555--566},
  publisher =    {Publishing Press},
  year = 	 {1999},
  editor = 	 {A. B. Smith-Jones},
}

@PhdThesis{Andujar2006,
  author       = {Andujar, Andrea Martins},
  title        = {Modelo de qualidade de vida dentro dos domínios bio-psico-social para aposentados},
  eventdate    = {2006-05},
  school       = {Universidade Federal de Santa Catarina},
  address      = {Florianópolis, SC},
  pagetotal    = {206},
  year         = {2006},
  url          = {http://repositorio.ufsc.br/xmlui/handle/123456789/88517},
  urldate      = {2023-12-05},
  type         = {Tese (Doutorado em Engenharia de Produção)},
}

@Comment{jabref-meta: databaseType:biblatex;}

%%% IT STARTS BLODDY HERE!!!!!!!!!!!!!

@Misc{ubuntu-desktop,
  title     = {Ubuntu Desktop},
  author    = {{Canonical Ltd.}},
  url       = {https://ubuntu.com/desktop},
  note      = {Acesso em: 17 de abril 2024},
}

@Misc{squid-cache,
  title     = {Squid Cache},
  author    = {{The Squid Software Foundation}},
  url       = {https://www.squid-cache.org/},
  note      = {Acesso em: 23 de abril 2024},
}

@article{ferreira2023estudo,
  title={Estudo sobre bibliotecas de intelig{\^e}ncia artificial e aprendizado de m{\'a}quina para a linguagem de programa{\c{c}}{\~a}o python},
  author={Ferreira, Leonardo Geraldo Alves},
  year={2023}
}

@article{souza2019comparativo,
  title={Comparativo entre os bancos de dados mysql e mongodb: quando o mongodb {\'e} indicado para o desenvolvimento de uma aplica{\c{c}}ao},
  author={Souza, Elaine Calasans and de Oliveira, Marcus Rog{\'e}rio},
  journal={Revista Interface Tecnol{\'o}gica},
  volume={16},
  number={2},
  pages={38--48},
  year={2019}
}

@article{da2016framework,
  title={Framework Scrum: efici{\^e}ncia em projetos de software},
  author={da Silva, Edson Coutinho and Lovato, Leandro Alvarez},
  journal={Gest{\~a}o e Projetos: GeP},
  volume={7},
  number={2},
  pages={1--15},
  year={2016},
  publisher={Universidade Nove de Julho}
}

@misc{figmaAlura,
title = "Figma: o que é a ferramenta, Design e uso",
author={{Alura}},
year ={2023},
url   = {https://www.alura.com.br/artigos/figma},
note   = {Acesso em: 17 de abril 2024},
}

@book{miles2006learning,
  title={Learning UML 2.0},
  author={Miles, Russ},
  year={2006},
  publisher={O'Reilly Media},
}

@book{bittner2003use,
  title={Use Case Modeling},
  author={Bittner, Kurt and Spence, Ian},
  year={2003},
  publisher={Addison-Wesley Professional}
}

@book{fowler2003uml,
  title={UML Distilled: A Brief Guide to the Standard Object Modeling Language},
  author={Fowler, Martin and Scott, Kendall},
  year={2003},
  publisher={Addison-Wesley Professional}
}

@book{meloni2018html,
  title={HTML, CSS and JavaScript All in One, Sams Teach Yourself},
  author={Meloni, Julie C. and Kyrnin, Jennifer},
  year={2018},
  publisher={Sams Publishing}
}

%%%%%%%%%%%%%%%%%%%%%%%%%%%%


@Article{pitropakis2020monitoring,
  title         ={Monitoring users behavior: anti-immigration speech detection on twitter},
  author        ={Pitropakis, Nikolaos and Kokot, Kamil and Gkatzia, Dimitra and Ludwiniak, Robert and Mylonas, Alexios and Kandias, Miltiadis},
  journal       ={Machine Learning and Knowledge Extraction},
  volume        ={2},
  number        ={3},
  pages         ={11},
  year          ={2020},
  publisher     ={MDPI}
}

@Inproceedings{de2017offensive,
  title         ={Offensive Comments in the Brazilian Web: a dataset and baseline results},
  author        ={de Pelle Pelle, Rogers Prates and Moreira, Viviane P Moreira},
  booktitle     ={Congresso da Sociedade Brasileira de Computa{\c{c}}{\~a}o-CSBC},
  year          ={2017}
}

@Article{srinidhi2019understanding,
  title         ={Understanding word n-grams and n-gram probability in natural language processing},
  author        ={Srinidhi, Sunny},
  journal       ={Towards Data Science},
  year          ={2019}
}

@Misc{avaliacao-modelo,
title          = "Que tal avaliar seu modelo? — Parte 1",
author         ={{Dantas, Marcel}},
year           ={2019},
url            ={https://medium.com/data-hackers/que-tal-avaliar-seu-modelo-parte-1-66b24cbb8e7a},
note           ={Acesso em: 03 de fevereiro de 2023},
}

@Article{toxist,
  title       ={Classification of social media Toxic comments using Machine learning models},
  author      ={Poojitha, K and Charish, A Sai and Reddy, M and Ayyasamy, S},
  journa      ={arXiv preprint arXiv:2304.06934},
  year        ={2023}
}

@article{sharma2017detecting,
  title={Detecting hate speech and insults on social commentary using nlp and machine learning},
  author={Sharma, Hitesh Kumar and Singh, T and Kshitiz, K and Singh, Harsimran and Kukreja, Prince},
  journal={Int J Eng Technol Sci Res},
  volume={4},
  number={12},
  pages={279--285},
  year={2017}
}

@article{saleh2023detection,
  title={Detection of hate speech using bert and hate speech word embedding with deep model},
  author={Saleh, Hind and Alhothali, Areej and Moria, Kawthar},
  journal={Applied Artificial Intelligence},
  volume={37},
  number={1},
  pages={2166719},
  year={2023},
  publisher={Taylor \& Francis}
}

@article{morris2020racial,
  title={Racial discrimination stress, school belonging, and school racial composition on academic attitudes and beliefs among Black youth},
  author={Morris, Kamryn S and Seaton, Eleanor K and Iida, Masumi and Lindstrom Johnson, Sarah},
  journal={Social Sciences},
  volume={9},
  number={11},
  pages={191},
  year={2020},
  publisher={MDPI}
}


@article{saleh2023detection,
  title={Detection of hate speech using bert and hate speech word embedding with deep model},
  author={Saleh, Hind and Alhothali, Areej and Moria, Kawthar},
  journal={Applied Artificial Intelligence},
  volume={37},
  number={1},
  pages={2166719},
  year={2023},
  publisher={Taylor \& Francis}
}

@article{castano2021internet,
  title={Internet, social media and online hate speech. Systematic review},
  author={Castaño-Pulgarín, Santiago and Suarez-Betancur, Nicolás and Vega, Luis Miguel Tamayo and Bell, Hugh M},
  journal={Aggression and Violent Behavior},
  volume={58},
  pages={101608},
  year={2021},
  publisher={Elsevier}
}

@article{sharma2017detecting,
  title={Detecting Hate Speech and Insults on Social Commentary using NLP and Machine Learning},
  author={Sharma, Himani K and Li, Wenjun and Zhao, Meng},
  journal={International Journal of Engineering Technology Science and Research},
  volume={4},
  number={12},
  pages={279--285},
  year={2017}
}

@inproceedings{pelle2016offensive,
  title={Offensive Comments in Brazilian Web: a dataset and baseline results},
  author={Pelle, Rômulo and Moreira, Viviane},
  booktitle={Proceedings of the Brazilian Workshop on Social Network Analysis and Mining},
  pages={510--519},
  year={2016}
}

@techreport{lee2019report,
  title={Report on Hate Speech},
  author={Lee, Hyun and Kim, Young-Han and Kim, Jung-Hye},
  institution={National Human Rights Commission of Korea},
  year={2019}
}

@book{szymanski2007relacao,
  title={A relação família-escola: desafios e perspectivas},
  author={Szymanski, Heloisa},
  year={2007},
  edition={2},
  publisher={Líber Livro},
  address={Brasília}
}

@article{daepistemicidio,
  title={Epistemic{\'\i}dio da popula{\c{c}}{\~a}o negra: desdobramentos na educa{\c{c}}{\~a}o brasileira, breve hist{\'o}rico e pr{\'a}ticas urgentes},
  author={da Silva, Ellidhy Oliveira and de Souza Santos, Karine and de Almeida, Raquel Aparecida Sampaio}
}